<record><leader>00000cas a22000007a 4500</leader><controlfield tag="001">13646908</controlfield><controlfield tag="008">860527d18591863wiuwr ne      0    0eng d</controlfield><datafield ind1=" " ind2=" " tag="010"><subfield code="a">sn 86086484 </subfield></datafield><datafield ind1=" " ind2=" " tag="040"><subfield code="a">NPV</subfield><subfield code="b">eng</subfield><subfield code="c">NPV</subfield><subfield code="d">CRL</subfield><subfield code="d">OCLCQ</subfield><subfield code="d">OCLCF</subfield><subfield code="d">OCLCO</subfield></datafield><datafield ind1="1" ind2=" " tag="029"><subfield code="a">AU@</subfield><subfield code="b">000021576923</subfield></datafield><datafield ind1=" " ind2=" " tag="042"><subfield code="a">msc</subfield></datafield><datafield ind1=" " ind2=" " tag="043"><subfield code="a">n-us-wi</subfield></datafield><datafield ind1=" " ind2=" " tag="045"><subfield code="a">w5w6</subfield></datafield><datafield ind1=" " ind2=" " tag="052"><subfield code="a">4123</subfield><subfield code="b">W7</subfield></datafield><datafield ind1="0" ind2="0" tag="245"><subfield code="a">Waushara County Argus.</subfield></datafield><datafield ind1="1" ind2="3" tag="246"><subfield code="a">Argus</subfield></datafield><datafield ind1=" " ind2=" " tag="260"><subfield code="a">Wautoma, Wis. :</subfield><subfield code="b">D.H. Pulcifer &amp; Co.,</subfield><subfield code="c">1859-1863.</subfield></datafield><datafield ind1=" " ind2=" " tag="300"><subfield code="a">4 v.</subfield></datafield><datafield ind1=" " ind2=" " tag="310"><subfield code="a">Weekly</subfield></datafield><datafield ind1="0" ind2=" " tag="362"><subfield code="a">Vol. 1, no. 11 (June 2, 1859)-v. 4, no. 52 (Mar. 18, 1863).</subfield></datafield><datafield ind1=" " ind2=" " tag="500"><subfield code="a">Publisher varies.</subfield></datafield><datafield ind1=" " ind2=" " tag="500"><subfield code="a">Editors: Webb &amp; Barker, June 2-Sept. 2, 1859; W.C. Webb, Sept. 9, 1859-March 20, 1861; Stowers &amp; Hall, March 27, 1861-March 26, 1862; Stowers &amp; Lockerby, April 2, 1862-March 18, 1863.</subfield></datafield><datafield ind1=" " ind2=" " tag="530"><subfield code="a">Available on microfilm from The State Historical Society of Wisconsin.</subfield></datafield><datafield ind1=" " ind2="0" tag="651"><subfield code="a">Waushara County (Wis.)</subfield><subfield code="v">Newspapers.</subfield></datafield><datafield ind1=" " ind2="0" tag="651"><subfield code="a">Wautoma (Wis.)</subfield><subfield code="v">Newspapers.</subfield></datafield><datafield ind1=" " ind2="7" tag="655"><subfield code="a">Newspapers.</subfield><subfield code="2">fast</subfield><subfield code="0">(OCoLC)fst01423814</subfield></datafield><datafield ind1=" " ind2="7" tag="651"><subfield code="a">Wisconsin</subfield><subfield code="z">Waushara County.</subfield><subfield code="2">fast</subfield><subfield code="0">(OCoLC)fst01215924</subfield></datafield><datafield ind1=" " ind2="7" tag="651"><subfield code="a">Wisconsin</subfield><subfield code="z">Wautoma.</subfield><subfield code="2">fast</subfield><subfield code="0">(OCoLC)fst01220827</subfield></datafield><datafield ind1=" " ind2=" " tag="752"><subfield code="a">United States</subfield><subfield code="b">Wisconsin</subfield><subfield code="c">Waushara</subfield><subfield code="d">Wautoma.</subfield></datafield><datafield ind1="0" ind2="0" tag="780"><subfield code="t">Pine River Argus</subfield><subfield code="w">(DLC)sn 86086483</subfield><subfield code="w">(OCoLC)13646826</subfield></datafield><datafield ind1="0" ind2="0" tag="785"><subfield code="t">Waushara Argus</subfield><subfield code="w">(DLC)sn 85033301</subfield><subfield code="w">(OCoLC)11833202</subfield></datafield></record>